   
    
@book{Sommerville2010,
  author    = {Sommerville, Ian},
  title     = {Software Engineering},
  year      = {2010},
  isbn      = {0137035152},
  publisher = {Addison-Wesley Publishing Company},
  address   = {USA},
  edition   = {9th}
}


@inproceedings{Narayan2012,
  author    = {Ramasubbu, Narayan and Balan, Rajesh Krishna},
  title     = {Overcoming the Challenges in Cost Estimation for Distributed Software Projects},
  year      = {2012},
  isbn      = {9781467310673},
  publisher = {IEEE Press},
  booktitle = {Proceedings of the 34th International Conference on Software Engineering},
  pages     = {91–101},
  numpages  = {11},
  location  = {Zurich, Switzerland},
  series    = {ICSE '12}
}


@article{Robbes2015,
  author    = {Robbes, Romain Pierre Julien and Röthlisberger, D and Tanter, É},
  issn      = {1382-3256},
  journal   = {Empirical Software Engineering},
  keywords  = {Data extensions},
  language  = {eng},
  number    = {3},
  volume    = {20},
  publisher = {Kluwer Academic Publishers},
  title     = {Object-oriented software extensions in practice},
  year      = {2015}
}

@misc{keithABAC,
  author       = {{Keith Casey}},
  title        = {{What Is Attribute-Based Access Control (ABAC)?}},
  howpublished = {\url{https://www.okta.com/blog/2020/09/attribute-based-access-control-abac/}},
  note         = {Online, Accessed: 10 March 2022}
}

@misc{googleDrivePermission:1,
  author       = {{Google Drive Support}},
  title        = {{Set Drive users' sharing permissions}},
  howpublished = {\url{https://support.google.com/a/answer/60781?hl=en}},
  note         = {Online; accessed 27 April 2022}
}

@misc{coyneABAC,
  author = {{Ed Coyne, Timothy R. Weil}},
  title  = {{ABAC and RBAC: Scalable, Flexible, and Auditable Access Management}},
  year   = {2013},
  month  = {3}
}

@misc{dropboxPermission,
  author       = {{Dropbox}},
  title        = {{File Permissions and Management}},
  howpublished = {\url{https://www.dropbox.com/features/share/file-permissions}},
  note         = {Online; accessed 1 May 2022}
}

@misc{dotnetSupportedOs,
  author       = {{Microsoft}},
  title        = {{Install .NET on Windows, Linux, and macOS}},
  howpublished = {\url{https://docs.microsoft.com/en-us/dotnet/core/install/}},
  note         = {Online; accessed 21 May 2022}
}

@misc{reactJs,
  author       = {{Meta Platforms}},
  title        = {{React}},
  howpublished = {\url{https://reactjs.org/}},
  note         = {Online; accessed 22 May 2022}
}

@misc{efCore,
  author       = {{Microsoft}},
  title        = {{Entity Framework Core}},
  howpublished = {\url{https://docs.microsoft.com/en-us/ef/core/}},
  note         = {Online; accessed 22 May 2022}
}


@misc{nodejsSupportedOs,
  author       = {{Contrast Security}},
  title        = {{System requirements for the Node.js agent}},
  howpublished = {\url{https://docs.contrastsecurity.com/en/node-js-system-requirements.html}},
  note         = {Online; accessed 21 May 2022}
}



@mastersthesis{mastersthesis1993,
  author  = {Peter Harwood},
  title   = {The title of the work},
  school  = {The school of the thesis},
  year    = 1993,
  address = {The address of the publisher},
  month   = 7,
  note    = {An optional note}
}

@phdthesis{phdthesis1993,
  author  = {Peter Joslin},
  title   = {The title of the work},
  school  = {The school of the thesis},
  year    = 1993,
  address = {The address of the publisher},
  month   = 7,
  note    = {An optional note}
}

